@misc{interpretation-of-Computer-Programs,
	author       = {Abelson, Sussman, and Sussman, John Denero},
	howpublished = {\url{https://inst.eecs.berkeley.edu/~cs61a/sp12/book/index.html}},
	title        = {Structure and Interpretation of Computer Programs},
	year         = {2011},
	note         = "[Online; Zugriff 09.04.2024]"
}
